@book{aho1974design,
  title     = {The design and analysis of computer algorithms},
  author    = {Aho, Alfred V and Hopcroft, John E},
  year      = {1974},
  publisher = {Pearson Education India}
}

@book{bollobás1998modern,
  title     = {Modern Graph Theory},
  author    = {Bollob{\'a}s, B.},
  isbn      = {9780387984889},
  lccn      = {98011960},
  series    = {Graduate Texts in Mathematics},
  url       = {https://books.google.pl/books?id=SbZKSZ-1qrwC},
  year      = {1998},
  publisher = {Springer New York}
}

@inproceedings{christofides2022worst,
  title        = {Worst-case analysis of a new heuristic for the travelling salesman problem},
  author       = {Christofides, Nicos},
  booktitle    = {Operations Research Forum},
  volume       = {3},
  number       = {1},
  pages        = {20},
  year         = {2022},
  organization = {Springer}
}

@article{cook1999computing,
  author    = {Cook, William and Rohe, Andre},
  publisher = {Informs},
  year      = {1999},
  journal   = {INFORMS journal on computing},
  number    = {2},
  pages     = {138--148},
  title     = {Computing minimum-weight perfect matchings},
  volume    = {11}
}

@article{cygan2015algorithmic,
  author    = {Cygan, Marek and Gabow, Harold N and Sankowski, Piotr},
  publisher = {ACM New York, NY, USA},
  year      = {2015},
  journal   = {Journal of the ACM (JACM)},
  number    = {4},
  pages     = {1--30},
  title     = {Algorithmic applications of baur-strassen’s theorem: Shortest cycles, diameter, and matchings},
  volume    = {62}
}

@article{DBLP:journals/corr/abs-1210-4594,
  author     = {Vazirani, Vijay V.},
  url        = {http://arxiv.org/abs/1210.4594},
  year       = {2012},
  eprint     = {1210.4594},
  eprinttype = {arXiv},
  journal    = {CoRR},
  title      = {An Improved Definition of Blossoms and a Simpler Proof of the {MV} Matching Algorithm},
  volume     = {abs/1210.4594}
}

@article{DBLP:journals/corr/abs-2012-03582,
  author     = {Vazirani, Vijay V.},
  url        = {https://arxiv.org/abs/2012.03582},
  year       = {2020},
  eprint     = {2012.03582},
  eprinttype = {arXiv},
  journal    = {CoRR},
  title      = {A Proof of the {MV} Matching Algorithm},
  volume     = {abs/2012.03582}
}

@article{duan2018scaling,
  author    = {Duan, Ran and Pettie, Seth and Su, Hsin-Hao},
  publisher = {ACM New York, NY, USA},
  year      = {2018},
  journal   = {ACM Transactions on Algorithms (TALG)},
  number    = {1},
  pages     = {1--35},
  title     = {Scaling algorithms for weighted matching in general graphs},
  volume    = {14}
}

@article{edmonds1965maximum,
  author  = {Edmonds, Jack},
  year    = {1965},
  journal = {Journal of research of the National Bureau of Standards B},
  number  = {125-130},
  pages   = {55--56},
  title   = {Maximum matching and a polyhedron with 0, 1-vertices},
  volume  = {69}
}

@article{edmonds1965paths,
  title     = {Paths, trees, and flowers},
  author    = {Edmonds, Jack},
  journal   = {Canadian Journal of mathematics},
  volume    = {17},
  pages     = {449--467},
  year      = {1965},
  publisher = {Cambridge University Press}
}

@article{edmonds1972theoretical,
  title     = {Theoretical improvements in algorithmic efficiency for network flow problems},
  author    = {Edmonds, Jack and Karp, Richard M},
  journal   = {Journal of the ACM (JACM)},
  volume    = {19},
  number    = {2},
  pages     = {248--264},
  year      = {1972},
  publisher = {ACM New York, NY, USA}
}

@article{edmonds1973matching,
  title     = {Matching, Euler tours and the Chinese postman},
  author    = {Edmonds, Jack and Johnson, Ellis L},
  journal   = {Mathematical programming},
  volume    = {5},
  pages     = {88--124},
  year      = {1973},
  publisher = {Springer}
}

@article{Fenwick1994AND,
  author  = {Peter M. Fenwick},
  url     = {https://api.semanticscholar.org/CorpusID:7519761},
  year    = {1994},
  journal = {Software: Practice and Experience},
  pages   = {327-336},
  title   = {A new data structure for cumulative frequency tables},
  volume  = {24}
}

@book{gabow1974implementation,
  author    = {Gabow, Harold Neil},
  publisher = {Stanford University},
  year      = {1974},
  title     = {Implementation of algorithms for maximum matching on nonbipartite graphs.}
}

@article{gabow1976efficient,
  title     = {An efficient implementation of Edmonds' algorithm for maximum matching on graphs},
  author    = {Gabow, Harold N},
  journal   = {Journal of the ACM (JACM)},
  volume    = {23},
  number    = {2},
  pages     = {221--234},
  year      = {1976},
  publisher = {ACM New York, NY, USA}
}

@inproceedings{gabow1984efficient,
  author       = {Gabow, Harold N and Galil, Zvi and Spencer, Thomas H},
  organization = {IEEE},
  booktitle    = {25th Annual Symposium onFoundations of Computer Science, 1984.},
  year         = {1984},
  pages        = {347--357},
  title        = {Efficient implementation of graph algorithms using contraction}
}

@inproceedings{gabow1984scaling,
  title     = {Scaling and related techniques for geometry problems},
  author    = {Gabow, Harold N and Bentley, Jon Louis and Tarjan, Robert E},
  booktitle = {Proceedings of the sixteenth annual ACM symposium on Theory of computing},
  pages     = {135--143},
  year      = {1984}
}

@inproceedings{gabow1985scaling,
  author       = {Gabow, Harold N},
  organization = {IEEE},
  booktitle    = {26th Annual Symposium on Foundations of Computer Science (sfcs 1985)},
  year         = {1985},
  pages        = {90--100},
  title        = {A scaling algorithm for weighted matching on general graphs}
}

@article{gabow1989faster,
  title     = {Faster scaling algorithms for network problems},
  author    = {Gabow, Harold N and Tarjan, Robert E},
  journal   = {SIAM Journal on Computing},
  volume    = {18},
  number    = {5},
  pages     = {1013--1036},
  year      = {1989},
  publisher = {SIAM}
}

@inproceedings{gabow1990data,
  author    = {Gabow, Harold N},
  booktitle = {Proceedings of the first annual ACM-SIAM symposium on Discrete algorithms},
  year      = {1990},
  pages     = {434--443},
  title     = {Data structures for weighted matching and nearest common ancestors with linking}
}

@article{gabow1991faster,
  author    = {Gabow, Harold N and Tarjan, Robert E},
  publisher = {ACM New York, NY, USA},
  year      = {1991},
  journal   = {Journal of the ACM (JACM)},
  number    = {4},
  pages     = {815--853},
  title     = {Faster scaling algorithms for general graph matching problems},
  volume    = {38}
}

@article{galil1986ev,
  author    = {Galil, Zvi and Micali, Silvio and Gabow, Harold},
  publisher = {SIAM},
  year      = {1986},
  journal   = {SIAM Journal on Computing},
  number    = {1},
  pages     = {120--130},
  title     = {An O(EV$\backslash$logV) algorithm for finding a maximal weighted matching in general graphs},
  volume    = {15}
}

@article{goldberg2004maximum,
  title     = {Maximum skew-symmetric flows and matchings},
  author    = {Goldberg, Andrew V and Karzanov, Alexander V},
  journal   = {Mathematical Programming},
  volume    = {100},
  pages     = {537--568},
  year      = {2004},
  publisher = {Springer}
}

@article{hadlock1975finding,
  title     = {Finding a maximum cut of a planar graph in polynomial time},
  author    = {Hadlock, Frank},
  journal   = {SIAM Journal on Computing},
  volume    = {4},
  number    = {3},
  pages     = {221--225},
  year      = {1975},
  publisher = {SIAM}
}

@inproceedings{han2002deterministic,
  title     = {Deterministic sorting in O (n log log n) time and linear space},
  author    = {Han, Yijie},
  booktitle = {Proceedings of the thiry-fourth annual ACM symposium on Theory of computing},
  pages     = {602--608},
  year      = {2002}
}

@article{hitchcock1941distribution,
  title     = {The distribution of a product from several sources to numerous localities},
  author    = {Hitchcock, Frank L},
  journal   = {Journal of mathematics and physics},
  volume    = {20},
  number    = {1-4},
  pages     = {224--230},
  year      = {1941},
  publisher = {Wiley Online Library}
}

@online{koala-networkit,
  author = {Krzysztof Turowski},
  title  = {KOALA NetworKit},
  year   = 2024,
  url    = {https://github.com/krzysztof-turowski/koala-networkit}
}

@article{kolmogorov2009blossom,
  author    = {Kolmogorov, Vladimir},
  publisher = {Springer},
  year      = {2009},
  journal   = {Mathematical Programming Computation},
  pages     = {43--67},
  title     = {Blossom V: a new implementation of a minimum cost perfect matching algorithm},
  volume    = {1}
}

@book{lawler2001combinatorial,
  title     = {Combinatorial optimization: networks and matroids},
  author    = {Lawler, Eugene L},
  year      = {2001},
  publisher = {Courier Corporation}
}

@article{mehlhorn2002implementation,
  author    = {Mehlhorn, Kurt and Schäfer, Guido},
  publisher = {ACM New York, NY, USA},
  year      = {2002},
  journal   = {Journal of Experimental Algorithmics (JEA)},
  pages     = {4},
  title     = {Implementation of O (nm log n) weighted matchings in general graphs: the power of data structures},
  volume    = {7}
}

@inproceedings{micali1980v,
  author       = {Micali, Silvio and Vazirani, Vijay V},
  organization = {IEEE},
  booktitle    = {21st Annual Symposium on Foundations of Computer Science (sfcs 1980)},
  year         = {1980},
  pages        = {17--27},
  title        = {An O (sqrt(V)E) algorithm for finding maximum matching in general graphs}
}

@inproceedings{mucha2004maximum,
  author    = {Mucha, M. and Sankowski, P.},
  booktitle = {45th Annual IEEE Symposium on Foundations of Computer Science},
  title     = {Maximum matchings via Gaussian elimination},
  year      = {2004},
  volume    = {},
  number    = {},
  pages     = {248-255},
  keywords  = {Partitioning algorithms;Bipartite graph;Informatics;Testing;Polynomials;Matrix decomposition;Computer science},
  doi       = {10.1109/FOCS.2004.40}
}

@article{peterson1988general,
  author    = {Peterson, Paul A and Loui, Michael C},
  publisher = {Springer},
  year      = {1988},
  journal   = {Algorithmica},
  number    = {1-4},
  pages     = {511--533},
  title     = {The general maximum matching algorithm of Micali and Vazirani},
  volume    = {3}
}

@inproceedings{pettie2005sensitivity,
  title        = {Sensitivity analysis of minimum spanning trees in sub-inverse-Ackermann time},
  author       = {Pettie, Seth},
  booktitle    = {International Symposium on Algorithms and Computation},
  pages        = {964--973},
  year         = {2005},
  organization = {Springer}
}

@article{rabin1989maximum,
  title     = {Maximum matchings in general graphs through randomization},
  author    = {Rabin, Michael O and Vazirani, Vijay V},
  journal   = {Journal of algorithms},
  volume    = {10},
  number    = {4},
  pages     = {557--567},
  year      = {1989},
  publisher = {Elsevier}
}

@misc{rutgersDIMACSImplementation,
  author       = {},
  title        = {{D}{I}{M}{A}{C}{S} :: {I}mplementation {C}hallenges --- dimacs.rutgers.edu},
  howpublished = {\url{http://dimacs.rutgers.edu/programs/challenge/}},
  year         = {},
  note         = {[Accessed 29-08-2024]}
}

@article{thorndike1950problem,
  title     = {The problem of classification of personnel},
  author    = {Thorndike, Robert L},
  journal   = {Psychometrika},
  volume    = {15},
  number    = {3},
  pages     = {215--235},
  year      = {1950},
  publisher = {Springer}
}

@article{thorup1999undirected,
  title     = {Undirected single-source shortest paths with positive integer weights in linear time},
  author    = {Thorup, Mikkel},
  journal   = {Journal of the ACM (JACM)},
  volume    = {46},
  number    = {3},
  pages     = {362--394},
  year      = {1999},
  publisher = {ACM New York, NY, USA}
}

@article{thorup2007equivalence,
  title     = {Equivalence between priority queues and sorting},
  author    = {Thorup, Mikkel},
  journal   = {Journal of the ACM (JACM)},
  volume    = {54},
  number    = {6},
  pages     = {28--es},
  year      = {2007},
  publisher = {ACM New York, NY, USA}
}
