@book{blue_book,
  title={Discrete mathematics and its applications},
  author={Rosen, Kenneth},
  year={2007},
  publisher={McGraw Hill}
}

@article{separatorT,
  title={A Separator Theorem for Planar Graphs},
  author={Lipton, Richard and Tarjan, Robert Endre},
  journal={SIAM Journal on Applied Mathematics},
  volume={36},
  number={2},
  pages={177--189},
  year={1979}
}

@article{frederickson,
  title={Fast Algorithms for Shortest Paths in Planar Graphs, with
Applications},
  author={Federickson, Greg},
  journal={SIAM Journal on Computing},
  volume={16},
  number={6},
  pages={1004--1022},
  year={1987}
}

@article{clusters,
  title={Data Structures for On-Line Updating of Minimum Spanning Trees, with Applications },
  author={Frederickson, Greg},
  journal={SIAM Journal on Computing},
  volume={14},
  number={4},
  pages={781--798},
  year={1985}
}

@article{henzinger,
  title={Faster Shortest-Path Algorithms for Planar Graphs},
  author={Henzinger, Monika and Klein, Philip and Rao, Satish and Subramanian, Sairam},
  journal={Journal of Computer and System Sciences},
  volume={55},
  number={1},
  pages={3--23},
  year={1997}
}

@online{wiki,
  author={Wikipedia},
  title={Planar graph},
  year={2025},
  url={https://en.wikipedia.org/wiki/Planar_graph},
}

@online{ny,
  author={DIMACS},
  title={9th DIMACS Implementation Challenge - Shortest Paths},
  year={2025},
  url={https://www.diag.uniroma1.it/~challenge9/download.shtml},
}


@book{graphDefn,
    author = {Reinhard Diestel},
    title = {Graph Theory},
    publisher = {Springer-Verlag},
    year = {2000}
}

@article{dijkstraBound,
  title = {Fibonacci Heaps and Their Uses in Improved Network
Optimization Algorithms},
  author={Fredman, Michael and Tarjan, Robert Endre},
  journal={Journal of the ACM},
  volume={34},
  number={3},
  pages={596--615},
  year={1987}
}

@article{separatorBound,
  title={On the Problem of Partitioning Planar Graphs},
  author={Djidjev, Hristo},
  journal={SIAM Journal on Algebraic Discrete Methods},
  volume={3},
  number={2},
  pages={229--240},
  year={1982}
}

@article{Djiev,
  title={Reduced Constants for Simple Cycle Graph Separation},
  author={Djidjev, Hristo and Venkatesan, Shankar},
  journal={Acta Informatica},
  volume={34},
  pages={231--243},
  year={1997}
}

@article{secondBestSeparator,
  title={Planar Separators},
  author={Alon, Noga and Seymour, Paul and Thomas, Robin},
  journal={SIAM Journal on Discrete Mathematics},
  volume={7},
  number={2},
  pages={184--193},
  year={1994}
}

@article{separatoPrzeglad,
  title={Engineering Planar Separator Algorithms},
  author={Holzer, Martin and Schulz, Frank and Wagner, Dorothea and Prasinos, Grigorios and Zaroliagis, Christos},
  journal={Journal of Experimental Algorithmics},
  volume={14},
  pages={1--5},
  year={2010}
}

@online{koala-networkit,
  author={Krzysztof Turowski},
  title={KOALA NetworKit},
  year=2025,
  url={https://github.com/krzysztof-turowski/koala-networkit},
  urldate={2025-06-26}
}
