@article{CORNEIL1981163,
    author = {Derek Corneil, and Helmut Lerchs and Burlingham Stewart},
    title = {Complement reducible graphs},
    journal = {SIAM Journal on Discrete Mathematics},
    volume = {6},
    number = {2},
    pages = {163-174},
    year = {1981},
    url={https://www.sciencedirect.com/science/article/pii/0166218X81900135}
}

@article{Sumner1974DaceyG,
    author = {Bodlaender, Hans and M\"{o}hring, Rolf},
    title = {The Pathwidth and Treewidth of Cographs},
    journal = {SIAM Journal on Discrete Mathematics},
    volume = {6},
    number = {2},
    pages = {181-188},
    year = {1993},
    url={https://doi.org/10.1137/0406014}
}

@article{HABIB2005183,
    title = {A simple linear time algorithm for cograph recognition},
    journal = {Discrete Applied Mathematics},
    volume = {145},
    number = {2},
    pages = {183-197},
    year = {2005},
    url = {https://www.sciencedirect.com/science/article/pii/S0166218X04002446},
    author = {Michel Habib and Christophe Paul}
}

@inproceedings{Bollobs2002ModernGT,
    title={Modern Graph Theory},
    author={B{\'e}la Bollob{\'a}s},
    booktitle={Graduate Texts in Mathematics},
    year={2002},
    publisher={Springer},
    url={https://api.semanticscholar.org/CorpusID:120529008}
}

@article{Seinsche1974OnAP,
    title={On A Property Of The Class Of N-colorable Graphs},
    author={Dieter Seinsche},
    journal={Journal of Combinatorial Theory},
    year={1974},
    volume={16},
    pages={191--193},
    url={https://api.semanticscholar.org/CorpusID:122690712}
}



@article{ROBERTSON1986309,
title = {Graph minors. II. Algorithmic aspects of tree-width},
journal = {Journal of Algorithms},
volume = {7},
number = {3},
pages = {309-322},
year = {1986},
url = {https://www.sciencedirect.com/science/article/pii/0196677486900234},
author = {Neil Robertson and Paul Seymour},
}


@article{damaschke_91,
  author   = {Damaschke Peter},
  title    = "Induced Subraph Isomorphism For Cographs Is NP-complete",
  journal  = "Lecture Notes in Computer Science",
  year     = 1991,
volume = "484",
pages = "72--78"
}


@article{Jansen1992GeneralizedCF,
  title={Generalized Coloring For Tree-like Graphs},
  author={Klaus Jansen and Petra Scheffler},
  booktitle={Discrete Applied Mathematics},
  year={1992},
volume = {75},
number = {2},
pages = {135-155},
  url={https://api.semanticscholar.org/CorpusID:29823658}
}

@article{Bodlaender1989AchromaticNI,
  title={Achromatic Number Is NP-Complete For Cographs And Interval Graphs},
  author={Hans Bodlaender},
  journal={Information Processing Letters},
  year={1989},
  volume={31},
  pages={135--138},
  url={https://api.semanticscholar.org/CorpusID:204999731}
}

@article{corneil_lerchs_stewart_81,
  author   = {Derek Corneil and Helmut Lerchs and Burlingham Stewart },
  title    = "Complement Reducible Graphs",
  journal  = "Discrete Applied Mathematics",
  year     = 1981,
  volume   = "3",
  pages    = "163--174",
}

@article{Bodlaender1994OnTC,
  title={On The Complexity Of The Maximum Cut Problem},
  author={Hans Bodlaender and Klaus Jansen},
  journal={Nordic Journal of Computing},
  year={1994},
pages={769–-780},
volume = {775},
  url={https://api.semanticscholar.org/CorpusID:2648793}
}

@article{Cai1996FixedParameterTO,
  title={Fixed-Parameter Tractability Of Graph Modification Problems For Hereditary Properties},
  author={Leizhen Cai},
  journal={Information Processing Letters},
  year={1996},
  volume={58},
  pages={171--176},
  url={https://api.semanticscholar.org/CorpusID:263880357}
}

@article{nastos_gao_10,
  author   = {Nastos James and Gao Yong},
  title    = "A Novel Branching Strategy For Parameterized Graph Modification Problems",
  journal  = "Lecture Notes in Computer Science",
  year     = 2010,
volume = "6509",
pages = "332–-346"
}

@article{Liu2012ComplexityAP,
  title={Complexity And Parameterized Algorithms For Cograph Editing},
  author={Yunlong Liu and Jian-Xin Wang and Jiong Guo and Jianer Chen},
  journal={Theoretical Computer Science},
  year={2012},
  volume={461},
  pages={45--54},
  url={https://api.semanticscholar.org/CorpusID:36105533}
}