@article{10.1145/3341.3350,
author = {Kubale, Marek and Jackowski, Boguslaw},
title = {A Generalized Implicit Enumeration Algorithm for Graph Coloring},
year = {1985},
issue_date = {April 1985},
publisher = {Association for Computing Machinery},
address = {New York, NY, USA},
volume = {28},
number = {4},
issn = {0001-0782},
abstract = {A generalized algorithm for graph coloring by implicit enumeration is formulated. A number of backtracking sequential methods are discussed in terms of the generalized algorithm. Some are revealed to be partially correct and inexact. A few corrections to the invalid algorithms, which cause these algorithms to guarantee optimal solutions, are proposed. Finally, some computational results and remarks on the practical relevance of improved implicit enumeration algorithms are given.},
journal = {Commun. ACM},
pages = {412–418},
numpages = {7}
}
@article{brlaz1979new,
  title={New methods to color the vertices of a graph},
  author={Brelaz, Daniel and others},
  journal={Communications of the ACM},
  volume={22},
  number={4},
  pages={251--256},
  year={1979}
}
@book{christofides1975graph,
  title={Graph theory: An algorithmic approach (Computer science and applied mathematics)},
  author={Christofides, Nicos},
  year={1975},
  publisher={Academic Press, Inc.}
}
@article{brown1972chromatic,
  title={Chromatic scheduling and the chromatic number problem},
  author={Brown, Randall},
  journal={Management science},
  volume={19},
  number={4-part-1},
  pages={456--463},
  year={1972},
  publisher={INFORMS}
}
@article{gaspers2023faster,
  title={Faster graph coloring in polynomial space},
  author={Gaspers, Serge and Lee, Edward },
  journal={Algorithmica},
  volume={85},
  number={2},
  pages={584--609},
  year={2023},
  publisher={Springer}
}
@article{Bjrklund2006InclusionExclusionBA,
  title={Inclusion-Exclusion Based Algorithms for Graph Colouring},
  author={Andreas Bj{\"o}rklund and Thore Husfeldt},
  journal={Electron. Colloquium Comput. Complex.},
  year={2006},
  volume={TR06}
}

@article{doi:10.1137/070683933,
author = {Bj\"{o}rklund, Andreas and Husfeldt, Thore and Koivisto, Mikko},
title = {Set Partitioning via Inclusion-Exclusion},
journal = {SIAM Journal on Computing},
volume = {39},
number = {2},
pages = {546-563},
year = {2009},
}
@article{korman1979graph,
  title={The graph-colouring problem},
  author={Korman, Samuel },
  journal={Combinatorial optimization},
  pages={211--235},
  year={1979},
  publisher={Wiley, New York}
}

@online{NKT+23,
    author = {Humboldt-Universität zu Berlin - Department of Computer Science - Modeling and Analysis of Complex Systems and contributors.},
    title={NetworKit},
    year = {2023},
    url = {https://networkit.github.io/index.html},
    urldate={2023-06}
}

@online{Tur+23,
    author = {Turowski, Krzysztof and others},
    title = {koala-networkit},
    year = {2023},
    url = {https://github.com/krzysztof-turowski/koala-networkit},
    urldate = {2023-06}
}

@article{kempe1879geographical,
  title={On the geographical problem of the four colours},
  author={Kempe, Alfred},
  journal={American journal of mathematics},
  volume={2},
  number={3},
  pages={193--200},
  year={1879},
  publisher={JSTOR}
}

@article{heawood1890map,
  title={Map color theorems},
  author={Heawood, Percy John},
  journal={Quant. J. Math.},
  volume={24},
  pages={332--338},
  year={1890}
}

@article{birkhoff1912determinant,
  title={A determinant formula for the number of ways of coloring a map},
  author={Birkhoff, George },
  journal={The Annals of Mathematics},
  volume={14},
  number={1/4},
  pages={42--46},
  year={1912},
  publisher={JSTOR}
}

@article{appel1976every,
  title={Every planar map is four colorable},
  author={Appel, Kenneth and Haken, Wolfgang},
  year={1976}
}
@inproceedings{robertson1996efficiently,
  title={Efficiently four-coloring planar graphs},
  author={Robertson, Neil and Sanders, Daniel  and Seymour, Paul and Thomas, Robin},
  booktitle={Proceedings of the twenty-eighth annual ACM symposium on Theory of computing},
  pages={571--575},
  year={1996}
}
@inproceedings{brooks1941colouring,
  title={On colouring the nodes of a network},
  author={Brooks, Rowland Leonard},
  booktitle={Mathematical Proceedings of the Cambridge Philosophical Society},
  volume={37},
  number={2},
  pages={194--197},
  year={1941},
  organization={Cambridge University Press}
}
@article{grotzsch1959dreifarbensatz,
  title={Ein Dreifarbensatz fur dreikreisfreie Netze auf der Kugel},
  author={Grotzsch, Herbert},
  journal={Wiss. Z. Martin Luther Univ. Halle-Wittenberg, Math. Nat. Reihe},
  volume={8},
  pages={109--120},
  year={1959}
}
@book{karp2010reducibility,
  title={Reducibility among combinatorial problems},
  author={Karp, Richard },
  year={2010},
  publisher={Springer}
}
@misc{cook1971complexity,
  title={The complexity of theorem-proving procedures, STOC’71: Proceedings of the third annual ACM symposium on Theory of computing},
  author={Cook, Stephen },
  year={1971},
  publisher={New York, NY, USA), ACM Press}
}
@article{chaitin1981register,
  title={Register allocation via coloring},
  author={Chaitin, Gregory  and Auslander, Marc  and Chandra, Ashok  and Cocke, John and Hopkins, Martin  and Markstein, Peter },
  journal={Computer languages},
  volume={6},
  number={1},
  pages={47--57},
  year={1981},
  publisher={Elsevier}
}
@article{briggs1994improvements,
  title={Improvements to graph coloring register allocation},
  author={Briggs, Preston and Cooper, Keith  and Torczon, Linda},
  journal={ACM Transactions on Programming Languages and Systems (TOPLAS)},
  volume={16},
  number={3},
  pages={428--455},
  year={1994},
  publisher={ACM New York, NY, USA}
}
@article{de1985introduction,
  title={An introduction to timetabling},
  author={de Werra, Dominique},
  journal={European journal of operational research},
  volume={19},
  number={2},
  pages={151--162},
  year={1985},
  publisher={Elsevier}
}
@article{roberts,
author = {Roberts, Fred},
year = {2006},
month = {12},
pages = {466 - 483},
title = {On the Mobile Radio Frequency Assignment Problem and the Traffic Light Phasing Problem},
volume = {319},
journal = {Annals of the New York Academy of Sciences},
}
@ARTICLE{1084138,
  author={Garey, Michael and Johnson, David and Hing So},
  journal={IEEE Transactions on Circuits and Systems}, 
  title={An application of graph coloring to printed circuit testing}, 
  year={1976},
  volume={23},
  number={10},
  pages={591-599},
}

@article{ogawa1986labeled,
  title={Labeled point pattern matching by Delaunay triangulation and maximal cliques},
  author={Ogawa, Hideo},
  journal={Pattern Recognition},
  volume={19},
  number={1},
  pages={35--40},
  year={1986},
  publisher={Elsevier}
}
@article{diestel2005graph,
  title={Graph theory 3rd ed},
  author={Diestel, Reinhard},
  journal={Graduate texts in mathematics},
  volume={173},
  number={33},
  pages={12},
  year={2005}
}
@book{williamson2011design,
  title={The design of approximation algorithms},
  author={Williamson, David  and Shmoys, David },
  year={2011},
  publisher={Cambridge university press}
}
@inproceedings{johnson1973approximation,
  title={Approximation algorithms for combinatorial problems},
  author={Johnson, David },
  booktitle={Proceedings of the fifth annual ACM symposium on Theory of computing},
  pages={38--49},
  year={1973}
}
@article{wigderson1983improving,
  title={Improving the performance guarantee for approximate graph coloring},
  author={Wigderson, Avi},
  journal={Journal of the ACM (JACM)},
  volume={30},
  number={4},
  pages={729--735},
  year={1983},
  publisher={ACM New York, NY, USA}
}
@inproceedings{halldorsson2015progress,
  title={Progress (and Lack Thereof) for Graph Coloring Approximation Problems},
  author={Halld{\'o}rsson, Magn{\'u}s },
  booktitle={International Conference on Current Trends in Theory and Practice of Informatics},
  pages={14--23},
  year={2015},
  organization={Springer}
}
@article{bellare1998free,
  title={Free bits, PCPs, and nonapproximability---towards tight results},
  author={Bellare, Mihir and Goldreich, Oded and Sudan, Madhu},
  journal={SIAM Journal on Computing},
  volume={27},
  number={3},
  pages={804--915},
  year={1998},
  publisher={SIAM}
}
@article{lawler1976note,
  title={A note on the complexity of the chromatic number problem},
  author={Lawler, Eugene },
  journal={Information Processing Letters},
  volume={5},
  number={3},
  pages={66--67},
  year={1976},
  publisher={Elsevier BV}
}
@article{eppstein2002small,
  title={Small maximal independent sets and faster exact graph coloring},
  author={Eppstein, David},
  journal={J. Graph Algorithms Appl},
  volume={7},
  number={2},
  pages={131--140},
  year={2002}
}
@article{byskov2004enumerating,
  title={Enumerating maximal independent sets with applications to graph colouring},
  author={Byskov, Jesper Makholm},
  journal={Operations Research Letters},
  volume={32},
  number={6},
  pages={547--556},
  year={2004},
  publisher={Elsevier}
}
@article{bjorklund2008exact,
  title={Exact algorithms for exact satisfiability and number of perfect matchings},
  author={Bj{\"o}rklund, Andreas and Husfeldt, Thore},
  journal={Algorithmica},
  volume={52},
  pages={226--249},
  year={2008},
  publisher={Springer}
}
@article{zykov1949some,
  title={On some properties of linear complexes},
  author={Zykov, Alexander Aleksandrovich},
  journal={Matematicheskii sbornik},
  volume={66},
  number={2},
  pages={163--188},
  year={1949},
  publisher={Russian Academy of Sciences, Steklov Mathematical Institute of Russian~…}
}
@article{bodlaender2006exact,
  title={An exact algorithm for graph coloring with polynomial memory},
  author={Bodlaender, Hans  and Kratsch, Dieter},
  journal={UU-CS},
  volume={2006},
  year={2006},
  publisher={Utrecht University}
}
@book{cygan2015parameterized,
  title={Parameterized algorithms},
  author={Cygan, Marek and Fomin, Fedor  and Kowalik, {\L}ukasz and Lokshtanov, Daniel and Marx, D{\'a}niel and Pilipczuk, Marcin and Pilipczuk, Micha{\l} and Saurabh, Saket},
  volume={4},
  number={8},
  year={2015},
  publisher={Springer}
}

@article{erdds1959random,
  title={On random graphs I},
  author={Erdős, Paul and Rényi, Alfréd},
  journal={Publ. math. debrecen},
  volume={6},
  number={290-297},
  pages={18},
  year={1959}
}

@article{watts1998collective,
  title={Collective dynamics of ‘small-world’networks},
  author={Watts, Duncan  and Strogatz, Steven },
  journal={nature},
  volume={393},
  number={6684},
  pages={440--442},
  year={1998},
  publisher={Nature Publishing Group}
}
@article{barabasi1999emergence,
  title={Emergence of scaling in random networks},
  author={Barab{\'a}si, Albert-L{\'a}szl{\'o} and Albert, R{\'e}ka},
  journal={science},
  volume={286},
  number={5439},
  pages={509--512},
  year={1999},
  publisher={American Association for the Advancement of Science}
}
