@book{cormen2022introduction,
  author = {Thomas Cormen and Charles Leiserson and Ronald Rivest and Clifford Stein},
  title = {Introduction to Algorithms},
  year = {2022},
  publisher = {MIT Press},
  location = {Cambridge, MA}
}

@inproceedings{vanEmdeBoas1975,
  author    = {Peter van Emde Boas},
  title     = {Preserving order in a forest in less than logarithmic time},
  booktitle = {Proceedings of the 16th Annual Symposium on Foundations of Computer Science},
  year      = {1975},
  pages     = {75--84},
}

@article{vanEmdeBoas1976,
  author    = {Peter van Emde Boas and Rob Kaas and E. Zijlstra},
  title     = {Design and implementation of an efficient priority queue},
  journal   = {Mathematical Systems Theory},
  volume    = {10},
  year      = {1976},
  pages     = {99--127},
}

@article{Willard1983,
  author    = {Dan E. Willard},
  title     = {Log-logarithmic worst-case range queries are possible in space $\Theta$(N)},
  journal   = {Information Processing Letters},
  volume    = {17},
  number    = {2},
  year      = {1983},
  pages     = {81--84},
  publisher = {Elsevier},
}

@inproceedings{FredmanWillard1990,
  author    = {M. L. Fredman and D. E. Willard},
  title     = {BLASTING Through the Information Theoretic Barrier with FUSION TREES},
  booktitle = {Proceedings of the Twenty-Second Annual ACM Symposium on Theory of Computing (STOC '90)},
  year      = {1990},
  pages     = {1--7},
  publisher = {ACM},
  location   = {New York, NY},
}

@article{Dutton1993,
  author    = {Ronald D. Dutton},
  title     = {Weak-heap sort},
  journal   = {BIT},
  volume    = {33},
  number    = {3},
  year      = {1993},
  pages     = {372--381},
}

@inproceedings{Brodal1996,
  author    = {Gerth St√∏lting Brodal},
  title     = {Worst-case efficient priority queues},
  booktitle = {Proceedings of the 7th ACM-SIAM Symposium on Discrete Algorithms},
  year      = {1996},
  pages     = {52--58},
}
