@book{bollobas1998modern,
  author = {Béla Bollobás},
  title = {Modern Graph Theory},
  year = {1998},
  publisher = {Springer},
  location = {New York}
}

@book{butenko2003maximum,
  author = {Sergiy Butenko and William Wilhelm},
  title = {Maximum Principles and Their Applications},
  year = {2003},
  publisher = {Springer},
}

@book{cormen2022introduction,
  author = {Thomas Cormen and Charles Leiserson and Ronald Rivest and Clifford Stein},
  title = {Introduction to Algorithms},
  year = {2022},
  publisher = {MIT Press},
  location = {Cambridge, MA}
}

@article{ford1956maximal,
  title = {Maximal Flow Through a Network},
  author = {Lester Ford and Delbert Fulkerson},
  journal = {Canadian Journal of Mathematics},
  volume = {8},
  pages = {399--404},
  year = {1956}
}

@article{stoer1997simple,
  title = {A Simple Min-Cut Algorithm},
  author = {Mechthild Stoer and Frank Wagner},
  journal = {Journal of the ACM},
  volume = {44},
  number = {4},
  pages = {585--591},
  year = {1997},
  publisher = {ACM New York, NY, USA}
}

@article{goemans1995improved,
  title = {Improved Approximation Algorithms for Maximum Cut and Satisfiability Problems Using Semidefinite Programming},
  author = {Michel Goemans and David Williamson},
  journal = {Journal of the ACM},
  volume = {42},
  number = {6},
  pages = {1115--1145},
  year = {1995},
  publisher = {ACM}
}

@article{kruskal1956shortest,
  title = {On the Shortest Spanning Subtree of a Graph and the Traveling Salesman Problem},
  author = {Joseph Kruskal},
  journal = {Proceedings of the American Mathematical Society},
  volume = {7},
  number = {1},
  pages = {48--50},
  year = {1956},
  publisher = {JSTOR}
}

@article{boykov2001fast,
  title = {Fast Approximate Energy Minimization via Graph Cuts},
  author = {Yuri Boykov and Olga Veksler and Ramin Zabih},
  journal = {IEEE Transactions on Pattern Analysis and Machine Intelligence},
  volume = {23},
  number = {11},
  pages = {1222--1239},
  year = {2001},
  publisher = {IEEE}
}

@inproceedings{karger1993global,
  title = {Global Min-Cuts in RNC, and Other Ramifications of a Simple Min-Cut Algorithm},
  author = {David Karger},
  booktitle = {SODA '93: Proceedings of the Fourth Annual ACM-SIAM Symposium on Discrete Algorithms},
  year = {1993},
  pages = {21-30},
  publisher = {Society for Industrial and Applied Mathematics}
}

@article{papadimitriou1991optimization,
  title = {Optimization, Approximation, and Complexity Classes},
  author = {Christos Papadimitriou and Mihalis Yannakakis},
  journal = {Journal of Computer and System Sciences},
  volume = {43},
  pages = {425--440},
  year = {1991},
  publisher = {Elsevier}
}

@book{garey1979computers,
  title = {Computers and Intractability: A Guide to the Theory of NP-Completeness},
  author = {Michael Garey and David Johnson},
  year = {1979},
  publisher = {W. H. Freeman and Company},
  address = {New York}
}

@book{downey2013fundamentals,
  title = {Fundamentals of Parameterized Complexity},
  author = {Rodney Downey and Michael Fellows},
  year = {2013},
  publisher = {Springer},
  location = {London}
}

@article{khot2007optimal,
  title = {Optimal Inapproximability Results for MAX-CUT and Other 2-Variable CSPs?},
  author = {Subhash Khot and Guy Kindler and Elchanan Mossel and Ryan O'Donnell},
  journal = {SIAM Journal on Computing},
  volume = {37},
  number = {1},
  pages = {319--357},
  year = {2007},
  publisher = {SIAM}
}

@article{chopra1993partitioning,
  title = {The Partition Problem},
  author = {Sunil Chopra and Ramachandra Rao},
  journal = {Mathematical Programming},
  volume = {59},
  number = {1},
  pages = {87--115},
  year = {1993},
  publisher = {Springer}
}

@inproceedings{orlin2013max,
  title = {Max Flows in $O(nm)$ Time, or Better},
  author = {James Orlin},
  booktitle = {STOC '13: Proceedings of the Forty-Fifth Annual ACM Symposium on Theory of Computing},
  pages = {765--774},
  year = {2013},
  publisher = {ACM}
}

@article{bienstock2010optimal,
  title = {Optimal Power Flow, Quadratic Programming, and Locational Marginal Prices},
  author = {Daniel Bienstock},
  journal = {Operations Research},
  volume = {58},
  number = {3},
  pages = {745--756},
  year = {2010},
  publisher = {INFORMS}
}

@book{gartner2012semidefinite,
  author = {Bernd Gärtner and Jiří Matoušek},
  title = {Approximation Algorithms and Semidefinite Programming},
  year = {2012},
  publisher = {Springer},
  location = {Berlin-Heidelberg}
}

@article{karger1996new,
  title = {A New Approach to the Minimum Cut Problem},
  author = {David Karger and Clifford Stein},
  journal = {Journal of the ACM},
  volume = {43},
  number = {4},
  pages = {601--640},
  year = {1996},
  publisher = {ACM}
}

@article{hastad2001optimal,
  title = {Some Optimal Inapproximability Results},
  author = {Johan Håstad},
  journal = {Journal of the ACM},
  volume = {48},
  number = {4},
  pages = {798--859},
  year = {2001},
  publisher = {ACM}
}

@inproceedings{lacki2011min,
  title = {Min-Cuts and Shortest Cycles in Planar Graphs in $O(n \log{\log{n}})$ Time},
  author = {Jakub Łącki and Piotr Sankowski},
  booktitle = {Algorithms - ESA 2011: 19th Annual European Symposium, Saarbrücken, Germany, September 5-9, 2011, Proceedings},
  editor = {Camil Demetrescu and Magnús Halldórsson},
  pages = {155–166},
  year = {2011},
  series = {Lecture Notes in Computer Science},
  volume = {6942},
  publisher = {Springer}
}

@article{liersch_pardella_2008,
  title={Partitioning planar graphs: a fast combinatorial approach for max-cut},
  author={Liers, Frauke and Pardella, Gregor},
  journal={Computational Optimization and Applications},
  volume={51},
  number={1},
  pages={323--344},
  year={2012},
  publisher={Springer}
}

@incollection{karp1972reducibility,
  title = {Reducibility Among Combinatorial Problems},
  author = {Richard Karp},
  booktitle = {Complexity of Computer Computations},
  editor = {Raymond Miller and James Thatcher},
  pages = {85--103},
  year = {1972},
  publisher = {Springer}
}

@article{edmonds1972theoretical,
  title = {Theoretical Improvements in Algorithmic Efficiency for Network Flow Problems},
  author = {Jack Edmonds and Richard Karp},
  journal = {Journal of the ACM},
  volume = {19},
  number = {2},
  pages = {248--264},
  year = {1972},
  publisher = {ACM}
}

@book{golub1983matrix,
  title = {Matrix Computations},
  author = {Gene Golub and Charles Van Loan},
  publisher = {Johns Hopkins University Press},
  location = {Baltimore, MD},
  year = {1983}
}

@article{hao1994faster,
  title = {A Faster Algorithm for Finding the Minimum Cut in a Graph},
  author = {James Hao and James Orlin},
  journal = {SIAM Journal on Computing},
  volume = {23},
  number = {4},
  pages = {661--673},
  year = {1994},
  publisher = {SIAM}
}

@article{galler1964,
  title = {An Improved Algorithm for Transitive Closure on a Directed Graph},
  author = {Bernard Galler and Michael Fischer},
  journal = {Communications of the ACM},
  volume = {7},
  number = {5},
  pages = {301--303},
  year = {1964},
  publisher = {ACM}
}

@article{sahni1976p,
  title = {P-Complete Approximation Problems},
  author = {Sartaj Sahni and Teofilo Gonzalez},
  journal = {Journal of the ACM},
  volume = {23},
  number = {3},
  pages = {555--565},
  year = {1976},
  publisher = {ACM}
}

@book{ben2001lectures,
  title = {Lectures on Modern Convex Optimization: Analysis, Algorithms, and Engineering Applications},
  author = {Aharon Ben-Tal and Arkadi Nemirovski},
  year = {2001},
  publisher = {SIAM}
}

@article{burer2002rank,
  title = {Rank-Two Relaxation Heuristics for MAX-CUT and Other Binary Quadratic Programs},
  author = {Samuel Burer and Renato Monteiro and Yin Zhang},
  journal = {SIAM Journal on Optimization},
  volume = {12},
  number = {2},
  pages = {503--521},
  year = {2002},
  publisher = {SIAM}
}