@article{C2000,
    author = {Chazelle, Bernard},
    title = {A minimum spanning tree algorithm with inverse-Ackermann type complexity},
    year = {2000},
    volume = {47},
    number = {6},
    journal = {Journal of the ACM (JACM)},
    pages = {1028â€“1047}
}

@article{crt,
    author = {Chazelle, Bernard and Rubinfeld, Ronitt and Trevisan, Luca},
    title = {Approximating the Minimum Spanning Tree Weight in Sublinear Time},
    journal = {SIAM Journal on Computing},
    volume = {34},
    number = {6},
    pages = {1370-1379},
    year = {2005}
}

@article{bor,
    author = {Bor\r{u}vka, Otokar},
    title = {{\"U}ber ein {Minimalproblem}},
    journal = {Pr{\'a}ce moravsk{\'e} p{\v{r}}irodo\-v{\v{e}}deck{\'e} spole{\v{c}}nosti},
    volume = {3},
    pages = {37-58},
    year = {1926}
}

@inproceedings{image_registration,
    author = {Ma, Bing and Hero, Alfred and Gorman, John and Michel, Olivier},
    year = {2000},
    title = {Image Registration With Minimum Spanning Tree Algorithm},
    booktitle = {Proceedings 2000 International Conference on Image Processing (Cat. No.00CH37101)},
    pages = {481-484}
}

@inproceedings{handwriting,
    title = {Recognition of On-line Handwritten Mathematical Expressions Using a Minimum Spanning Tree Construction and Symbol Dominance},
    author={Tapia, Ernesto and Rojas, Ra{\'u}l},
    booktitle={Graphics Recognition. Recent Advances and Perspectives},
    editor={Llad\'os, Josep and Kwon, Young-Bin},
    series={Lecture Notes in Computer Science},
    volume={3088},
    pages={329--340},
    year={2003},
    publisher={Springer}
}

@article{salesman,
    title={Bounds for the travelling-salesman problem},
    author={Christofides, Nicos},
    journal={Operations Research},
    volume={20},
    number={5},
    pages={1044--1056},
    year={1972}
}

@inproceedings{water,
    title={The application of minimum spanning tree algorithm in the water supply network},
    author={Cong, Fengxia and Zhao, Ying},
    booktitle={2015 International Industrial Informatics and Computer Engineering Conference},
    pages={52--55},
    year={2015},
    series={Advances in Computer Science Research},
    organization={Atlantis Press}
}

@article{optimal,
    author = {Pettie, Seth and Ramachandran, Vijaya},
    year = {2000},
    pages = {49--60},
    title = {An Optimal Minimum Spanning Tree Algorithm},
    volume = {49},
    number = {1},
    journal = {Journal of the ACM (JACM)}
}

@book{cormen,
  title     = {Introduction to Algorithms},
  author    = {Cormen, Thomas and Leiserson, Charles and Rivest, Ronald and Stein, Clifford},
  year      = {2022},
  edition   = {4},
  publisher = {The MIT Press},
  address   = {Cambridge, MA},
  isbn      = {9780262046305}
}

@online{cpalgoPrim,
  title   = {Minimum Spanning Tree -- Prim's Algorithm},
  author  = {{CP-Algorithms}},
  url     = {https://cp-algorithms.com/graph/mst_prim.html}
}

@techreport{eisner,
  title       = {State-of-the-Art Algorithms for Minimum Spanning Trees: A Tutorial Discussion},
  author      = {Eisner, Jason},
  institution = {University of Pennsylvania},
  year        = {1997},
  note        = {Technical Report}
}

@article{kruskal,
  author    = {Kruskal, Joseph},
  title     = {On the shortest spanning subtree of a graph and the traveling salesman problem},
  journal   = {Proceedings of the American Mathematical Society},
  volume    = {7},
  number    = {1},
  pages     = {48--50},
  year      = {1956}
}

@article{prim,
  author    = {Prim, Robert},
  title     = {Shortest connection networks and some generalizations},
  journal   = {Bell System Technical Journal},
  volume    = {36},
  number    = {6},
  pages     = {1389--1401},
  year      = {1957}
}

@article{yao,
  author={Yao, Andrew Chi-Chih},
  title={An $O(E \log \log V)$ Algorithm for Finding Minimum Spanning Trees},
  journal={Information Processing Letters},
  volume={4},
  number={1},
  pages={21--23},
  year={1975},
}

@article{cherTarj,
    author = {Cheriton, David and Tarjan, Robert},
    title = {Finding Minimum Spanning Trees},
    journal = {SIAM Journal on Computing},
    volume = {5},
    number = {4},
    pages = {724--742},
    year = {1976}
}

@article{FredmanTarjan,
    author = {Fredman, Michael and Tarjan, Robert},
    title = {Fibonacci heaps and their uses in improved network optimization algorithms},
    year = {1987},
    volume = {34},
    number = {3},
    journal = {Journal of the ACM (JACM)},
    pages = {596--615}
}

@article{gabowEtAl,
    author = {Gabow, Harold and Galil, Zvi and Tarjan, Robert},
    title = {Efficient Algorithms for Finding Minimum Spanning Tree in Undirected and Directed Graphs},
    journal={Combinatorica},
    volume={6},
    number={2},
    pages={109--122},
    year={1986}
}

@article{fredmanWillard,
    title = {Trans-dichotomous algorithms for minimum spanning trees and shortest paths},
    journal = {Journal of Computer and System Sciences},
    volume = {48},
    number = {3},
    pages = {533--551},
    year = {1994},
    author = {Fredman, Michael and Willard, Dan}
}

@article{kkt,
    author = {Karger, David and Klein, Philip and Tarjan, Robert},
    title = {A randomized linear-time algorithm to find minimum spanning trees},
    year = {1995},
    volume = {42},
    number = {2},
    journal = {Journal of the ACM (JACM)},
    pages = {321--328}
}

@inproceedings{hagerup2009even,
  title={An even simpler linear-time algorithm for verifying minimum spanning trees},
  author={Hagerup, Torben},
  booktitle={International Workshop on Graph-Theoretic Concepts in Computer Science},
  editor={Paul, Christophe and Habib, Michel},
  series={Lecture Notes in Computer Science},
  volume={5911},
  pages={178--189},
  year={2009}
}

@article{komlos1984,
  title={Linear verification for spanning trees},
  author={Koml{\'o}s, J{\'a}nos},
  journal={Combinatorica},
  volume={5},
  number={1},
  pages={57--65},
  year={1985},
  publisher={Springer}
}

@article{king1997,
  author    = {King, Valerie},
  title     = {A simpler minimum spanning tree verification algorithm},
  journal   = {Algorithmica},
  volume    = {18},
  number    = {2},
  pages     = {263--270},
  year      = {1997}
}

@book{diesel,
  author    = {Diestel, Reinhard},
  title     = {Graph Theory},
  edition   = {6},
  volume    = {173},
  series    = {Graduate Texts in Mathematics},
  year      = {2025},
  publisher = {Springer},
  isbn      = {9783662701065}
}
