
@article{MKM,
  title = {An $O(V^3)$ algorithm for finding maximum flows in networks},
  author={Malhotra, Vishv and Kumar, M Pramodh and Maheshwari, Shachindra},
  journal={Information Processing Letters},
  volume={7},
  number={6},
  pages={277--278},
  year={1978}
}

@article{PushRelabel,
  title={A New Approach to the Maximum-Flow Problem},
  author={Goldberg, Andrew and Tarjan, Robert},
  journal={Journal of the ACM (JACM)},
  volume={35},
  number={4},
  pages={921--940},
  year={1988}
}

@article{BK,
  title={An Experimental Comparison of Min-Cut/Max-Flow Algorithms for Energy Minimization in Vision},
  author={Boykov, Yuri and Kolmogorov, Vladimir},
  journal={IEEE Transactions on Pattern Analysis and Machine Intelligence},
  volume={26},
  number={9},
  pages={1124--1137},
  year={2004}
}

@article{greig,
  title={Exact Maximum A Posteriori Estimation for Binary Images},
  author={Greig, Dorothy and Porteous, Bruce and Seheult, Allan},
  journal={Journal of the Royal Statistical Society Series B: Statistical Methodology},
  volume={51},
  number={2},
  pages={271--279},
  year={1989}
}

@article{cherkassky1997pushrelabel,
  title     = {On Implementing Push-Relabel Method for the Maximum Flow Problem},
  author={Cherkassky, Boris and Goldberg, Andrew},
  journal={Algorithmica},
  volume={19},
  pages={390--410},
  year={1997}
}

@article{reviewmaxflow,
      title={Review of Serial and Parallel Min-Cut/Max-Flow Algorithms for Computer Vision}, 
  author={Jensen, Patrick and Jeppesen, Niels and Dahl, Anders and Dahl, Vedrana},
  journal={IEEE Transactions on Pattern Analysis and Machine Intelligence},
  volume={45},
  number={2},
  pages={2310--2329},
  year={2022}
}

@techreport{even1976,
  author       = {Even, Shimon},
  title        = {The Max Flow Algorithm of Dinic and Karzanov: An Exposition},
  institution  = {Laboratory for Computer Science, Massachusetts Institute of Technology},
  number       = {MIT/LCS/TM-80},
  year         = {1976}
}

@INPROCEEDINGS{graphimage,
  author={Boykov, Yuri and Jolly, M.-P.},
  title={Interactive Graph Cuts for Optimal Boundary \& Region Segmentation of Objects in N-D Images}, 
  booktitle={Proceedings of the Eighth IEEE international Conference on Computer Vision. ICCV 2001},
  volume={1},
  pages={105--112},
  year={2001}
}

@phdthesis{kolmogorov,
author = {Kolmogorov, Vladimir},
advisor = {Zabih, Ramin},
title = {Graph Based Algorithms for Scene Reconstruction From Two or More Views},
year = {2004},
school = {Cornell University},
}

@book{ford1962,
  author    = {Ford, Lester and Fulkerson, Delbert},
  title     = {Flows in Networks},
  year      = {1962},
  publisher = {Princeton University Press},
  location   = {Princeton, NJ}
}

@inproceedings{orlin,
author = {Orlin, James},
title = {Max flows in $O(nm)$ time, or better},
year = {2013},
editor = {Boneh, Dan and Roughgarden, Tim and Feigenbaum, Joan},
publisher = {Association for Computing Machinery},
location = {New York, NY},
booktitle = {Proceedings of the Forty-Fifth Annual ACM Symposium on Theory of Computing (STOC)},
pages = {765--774},
}

@article{chen2022,
      title={Maximum Flow and Minimum-Cost Flow in Almost-Linear Time},
  author={Chen, Li and Kyng, Rasmus and Liu, Yang and Peng, Richard and Probst Gutenberg, Maximilian and Sachdeva, Sushant},
  journal={Journal of the ACM},
  volume={72},
  number={3},
  pages={1--103},
  year={2025}
}

@misc{dimacs,
  author       = {DIMACS},
  title        = {DIMACS Maximum Flow Format},
  url = {https://lpsolve.sourceforge.net/5.5/DIMACS_maxf.htm},
  note         = {Accessed: 2025-06-23}
}

@online{vision,
  author       = {University of Waterloo},
  title        = {Max-Flow problem instances in vision},
  url ={https://vision.cs.uwaterloo.ca/data/maxflow},
  note         = {Accessed: 2025-06-23}
}

@online{dataset,
  author       = {Jensen, Patrick and Jeppesen, Niels and Dahl, Anders and Dahl, Vedrana},
  title        = {Min-Cut/Max-Flow Problem Instances for Benchmarking},
  year={2022},
  url = {https://data.dtu.dk/articles/dataset/Min-Cut_Max-Flow_Problem_Instances_for_Benchmarking/17091101},
  note         = {Accessed: 2025-06-23}
}

@online{washingtonc,
  author       = {Anderson, Richard},
  title        = {Washington Generator},
  url = {http://archive.dimacs.rutgers.edu/pub/netflow/generators/network/washington},
  note         = {Accessed: 2025-06-23}
}

@book{washington,
author = {Johnson, David and McGeoch, Catherine},
title = {Network Flows and Matching: First DIMACS Implementation Challenge},
year = {1993},
publisher = {American Mathematical Society},
location = {Providence, RI},
pages = {1--17}
}

@book{cormen,
  title={Introduction to Algorithms},
  author={Cormen, Thomas and Leiserson, Charles and Rivest, Ronald and Stein, Clifford},
  year = {2009},
  publisher={The MIT Press}
}

@inproceesings{electric,
      title={Electrical Flows, Laplacian Systems, and Faster Approximation of Maximum Flow in Undirected Graphs}, 
  author={Christiano, Paul and Kelner, Jonathan A and Madry, Aleksander and Spielman, Daniel A and Teng, Shang-Hua},
  booktitle={Proceedings of the Forty-Third Annual ACM Symposium on Theory of Computing},
editor = {Fortnow, Lance and Vadhan, Salil},
publisher = {Association for Computing Machinery},
location = {New York, NY},
  pages={273--282},
  year={2011}
}

@misc{harris,
  author    = {Harris, Theodore and Ross, F. S.},
  title     = {Fundamentals of a Method for Evaluating Rail Net Capacities},
  journal   = {RAND Corporation Memorandum},
  number={RM1573},
  year      = {1955},
}

@article{ford1956,
    title={Maximal Flow Through a Network},
    volume={8},
    journal={Canadian Journal of Mathematics},
    author={Ford, Lester and Fulkerson, Delbert},
    year={1956},
    pages={399--404}
} 

@article{edmonds1972,
  author    = {Edmonds, Jack and Karp, Richard},
  title     = {Theoretical Improvements in Algorithmic Efficiency for Network Flow Problems},
  journal   = {Journal of the Association for Computing Machinery},
  volume    = {19},
  number    = {2},
  pages     = {248--264},
  year      = {1972},
}

@article{dinic1970,
  author    = {Dinic, Efim},
  title     = {Algorithm for Solution of a Problem of Maximum Flow in a Network with Power Estimation},
  journal   = {Soviet Mathematics Doklady},
  volume    = {11},
  pages     = {1277--1280},
  year      = {1970}
}

@article{ahuja,
author = {Ahuja, Ravindra and Orlin, James},
title = {A Fast and Simple Algorithm for the Maximum Flow Problem},
  journal={Operations Research},
  volume={37},
  number={5},
  pages={748--759},
  year={1989}
}

@inproceedings{madry2016,
  author    = {Aleksander Madry},
  title     = {Computing Maximum Flow with Augmenting Electrical Flows},
  booktitle = {Proceedings of the 57th Annual IEEE Symposium on Foundations of Computer Science (FOCS)},
  year      = {2016},
  pages     = {593--602},
  publisher = {IEEE},
  location   = {New Brunswick, NJ}
}

@article{design,
author = {Lee, Earl and Mitchell, John and Wallace, William},
year = {2007},
pages = {1303--1317},
title = {Restoration of Services in Interdependent Infrastructure Systems: A Network Flows Approach},
volume = {37},
number = {6},
journal = {IEEE Transactions on Systems, Man, and Cybernetics, Part C: Applications and Reviews},
}

@article{datamining,
  author = {Imafuji, Noriko and Kitsuregawa, Masaru},
  journal={IEICE Transactions on Information and Systems},
  volume={87},
  number={2},
  pages={407--415},
  year={2004}
}
