@book{brandstadt_le_spinrad_87,
   title =     {Graph Classes: A Survey},
   author =    {Van Bang Le and Andreas Brandstädt and Jeremy Spinrad},
   publisher = {Society for Industrial  Mathematics},
   isbn =      {9780898714326},
   year =      {1987},
   series =    {Monographs on Discrete Mathematics and Applications},
   edition =   {},
   volume =    {}
}

@article{corneil_perl_stewart_85,
  author   = {Derek Corneil and Yehoshua Perl and Lauren Stewart},
  title    = "A Linear Recognition Algorithm For Cographs",
  journal  = "Society for Industrial and Applied Mathematics",
  year     = 1985,
  volume   = "14",
  number   = "4",
  pages    = "926--934",
}


@article{damaschke_91,
  author   = {Peter Damaschke},
  title    = "Induced Subraph Isomorphism For Cographs Is NP-complete",
  journal  = "Lecture Notes in Computer Science",
  year     = 1991,
volume = "484",
pages = "72--78"
}

@article{nastos_gao_10,
  author   = {Nastos James and Gao Yong},
  title    = "A Novel Branching Strategy For Parameterized Graph Modification Problems",
  journal  = "Lecture Notes in Computer Science",
  year     = 2010,
volume = "6509",
pages = "332–-346"
}

@article{Jansen1992GeneralizedCF,
  title={Generalized Coloring For Tree-like Graphs},
  author={Klaus Jansen and Petra Scheffler},
journal = "Discrete Applied Mathematics",
  year={1992},
volume = {75},
number = {2},
pages = {135-155},
  url={https://api.semanticscholar.org/CorpusID:29823658}
}

@article{corneil_lerchs_stewart_81,
  author   = {Derek Corneil and Helmut Lerchs and Burlingham Stewart },
  title    = "Complement Reducible Graphs",
  journal  = "Discrete Applied Mathematics",
  year     = 1981,
  volume   = "3",
  pages    = "163--174",
}

@article{heggernes_kratsch_07,
  title={Linear-time Certifying Recognition Algorithms And Forbidden Induced Subgraphs},
  author={Pinar Heggernes and Dieter Kratsch},
  journal={Nordic Journal of Computing},
  year={2007},
  volume={14},
  pages={87--108},
  url={https://api.semanticscholar.org/CorpusID:17139705}
}

@article{nikolopoulos_palios_05,
  title={Efficient Parallel Recognition Of Cographs},
  author={Stavros Nikolopoulos and Leonidas Palios},
  journal={Discrete Applied Mathematics},
  year={2005},
  volume={150},
  pages={182--215},
  url={https://api.semanticscholar.org/CorpusID:933896}
}

@article{dahlhaus_95,
  title={Efficient Parallel Recognition Algorithms Of Cographs And Distance Hereditary Graphs},
  author={Elias Dahlhaus},
  journal={Discrete Applied Mathematics},
  year={1995},
  volume={57},
  pages={29--44},
  url={https://api.semanticscholar.org/CorpusID:15501076}
}

@article{shamir_sharan_04,
  title={A Fully Dynamic Algorithm For Modular Decomposition And Recognition Of Cographs},
  author={Ron Shamir and Roded Sharan},
  journal={Discrete Applied Mathematics},
  year={2004},
  volume={136},
  pages={329--340},
  url={https://api.semanticscholar.org/CorpusID:7504495}
}

@article{gioan_paul_08,
  title={Split Decomposition And Graph-labelled Trees: Characterizations And Fully-dynamic Algorithms For Totally Decomposable Graphs},
  author={Emeric Gioan and Christophe Paul},
  journal={Discrete Applied Mathematics},
  year={2008},
  volume={160},
  pages={708--733},
  url={https://api.semanticscholar.org/CorpusID:6528410}
}

@incollection{Bretscher2003ASL,
  title={A Simple Linear Time LexBFS Cograph Recognition Algorithm},
  author={Anna Bretscher and Derek Corneil and Michel Habib and Christophe Paul},
  booktitle={International Workshop on Graph-Theoretic Concepts in Computer Science},
volume = {22},
number = {4},
pages = {1277--1296},
  year={2008},
  url={https://api.semanticscholar.org/CorpusID:1348333}
}

@article{Habib2005ASL,
  title={A Simple Linear Time Algorithm For Cograph Recognition},
  author={Michel Habib and Christophe Paul},
  journal={Discrete Applied Mathematics},
  year={2005},
  volume={145},
  pages={183--197},
  url={https://api.semanticscholar.org/CorpusID:3041768}
}

@article{Sumner1974DaceyG,
  title={Dacey Graphs},
  author={David Sumner},
  journal={Journal of the Australian Mathematical Society},
  year={1974},
  volume={18},
  pages={492--502},
  url={https://api.semanticscholar.org/CorpusID:249898333}
}

@article{Seinsche1974OnAP,
  title={On A Property Of The Class Of N-colorable Graphs},
  author={Dieter Seinsche},
  journal={Journal of Combinatorial Theory, Series B},
  year={1974},
  volume={16},
  pages={191--193},
  url={https://api.semanticscholar.org/CorpusID:122690712}
}

@article{Jung1978OnAC,
  title={On A Class Of Posets And The Corresponding Comparability Graphs},
  author={Heinz Jung},
  journal={Journal of Combinatorial Theory, Series B},
  year={1978},
  volume={24},
  pages={125--133},
  url={https://api.semanticscholar.org/CorpusID:19941747}
}

@article{Bodlaender1993ATG,
  title={A Tourist Guide Through Treewidth},
  author={Hans Bodlaender},
  journal={Acta Cybernetica},
  year={1993},
  volume={11},
  pages={1--21},
  url={https://api.semanticscholar.org/CorpusID:33329367}
}

@book{Haynes1998FundamentalsOD,
  title={Fundamentals Of Domination In Graphs},
  author={Teresa Haynes and Stephen Hedetniemi and Peter Slater},
  booktitle={The Pure and Applied Mathematics},
  year={1998},
  url={https://api.semanticscholar.org/CorpusID:118425794}
}

@article{Lin1991AnNR,
  title={An NC Recognition Algorithm For Cographs},
  author={Rong Lin and Stephan Olariu},
  journal={Journal of Parallel and Distributed Computing},
  year={1991},
  volume={13},
  pages={76--90},
  url={https://api.semanticscholar.org/CorpusID:36868728}
}

@article{Bodlaender1994OnTC,
  title={On The Complexity Of The Maximum Cut Problem},
  author={Hans Bodlaender and Klaus Jansen},
  journal={Nordic Journal of Computing},
  year={1994},
pages={769–-780},
volume = {775},
  url={https://api.semanticscholar.org/CorpusID:2648793}
}

@book{Bollobs2002ModernGT,
  title={Modern Graph Theory},
  author={B{\'e}la Bollob{\'a}s},
  booktitle={Graduate Texts in Mathematics},
  year={2002},
publisher={Springer},
  url={https://api.semanticscholar.org/CorpusID:120529008}
}

@article{Bodlaender1990ThePA,
  title={The Pathwidth And Treewidth Of Cographs},
  author={Hans Bodlaender and Rolf M{\"o}hring},
  journal={SIAM Journal on Discrete Mathematics},
  year={1990},
pages = {301--309},
volume = {6},
  url={https://api.semanticscholar.org/CorpusID:12667917}
}

@article{Bodlaender1989AchromaticNI,
  title={Achromatic Number Is NP-Complete For Cographs And Interval Graphs},
  author={Hans Bodlaender},
  journal={Information Processing Letters},
  year={1989},
  volume={31},
  pages={135--138},
  url={https://api.semanticscholar.org/CorpusID:204999731}
}

@article{Cai1996FixedParameterTO,
  title={Fixed-Parameter Tractability Of Graph Modification Problems For Hereditary Properties},
  author={Leizhen Cai},
  journal={Information Processing Letters},
  year={1996},
  volume={58},
  pages={171--176},
  url={https://api.semanticscholar.org/CorpusID:263880357}
}

@article{Liu2012ComplexityAP,
  title={Complexity And Parameterized Algorithms For Cograph Editing},
  author={Yunlong Liu and Jian-Xin Wang and Jiong Guo and Jianer Chen},
  journal={Theoretical Computer Science},
  year={2012},
  volume={461},
  pages={45--54},
  url={https://api.semanticscholar.org/CorpusID:36105533}
}

@article{erdos1959,
  title={On Random Graphs I},
  author={Paul Erdos and Aldred Renyi},
  journal={Publicationes Mathematicae Debrecen},
  volume={6},
  pages={290--297},
  year={1959}
}
@article{watts1998,
  title={Collective Dynamics Of ‘Small-World’ Networks},
  author={Dunkan Watts and Steven Strogatz},
  journal={nature},
  volume={393},
  pages={440--442},
  year={1998}
}
@article{barabasi1999,
  title={Emergence Of Scaling In Random Networks},
  author={Albert Barabasi and Reka Albert},
  journal={science},
  volume={286},
  pages={509--512},
  year={1999}
}
@online{NKT+23,
    author = {Humboldt-Universität zu Berlin - Department of Computer Science - Modeling and Analysis of Complex Systems and contributors.},
    title={NetworKit},
    year = {2023},
    url = {https://networkit.github.io/index.html},
    urldate={2024-06}
}

@online{Tur+23,
    author = {Krzysztof Turowski and others},
    title = {koala-networkit},
    year = {2023},
    url = {https://github.com/krzysztof-turowski/koala-networkit},
    urldate = {2024-06}
}
@online{LCA,
    title = {LCA computing algorithm},
    url = {https://cp-algorithms.com/graph/lca.html}
}