%%%%%%%%%%%%%%%%%%%%%%%%%%%%%%%%%%%%%%%%%%%%%%%%
% definitions

@book{blue_book,
  title={Discrete mathematics and its applications},
  author={Rosen, Kenneth},
  year={2007},
  publisher={The McGraw Hill Companies,}
}

@book{bollobas1998modern,
  title={Modern graph theory},
  author={Bollob{\'a}s, B{\'e}la},
  volume={184},
  year={1998},
  publisher={Springer Science \& Business Media}
}

@book{butenko2003maximum,
  title={Maximum independent set and related problems, with applications},
  author={Butenko, Sergiy},
  year={2003},
  publisher={University of Florida}
}

@book{cormen2022introduction,
  title={Introduction to algorithms},
  author={Cormen, Thomas and Leiserson, Charles and Rivest, Ronald and Stein, Clifford},
  year={2022},
  publisher={MIT Press}
}

@online{wiki,
  author={Wikipedia},
  title={Glossary of graph theory},
  year={2023},
  url={https://en.wikipedia.org/wiki/Glossary_of_graph_theory},
  urldate={2023-08-23}
}

%%%%%%%%%%%%%%%%%%%%%%%%%%%%%%%%%%%%%%%%%%%%%%%%%%%%%%%%%%%%%%%%%%
% implementation links

@online{koala-networkit,
  author={Krzysztof Turowski},
  title={KOALA NetworKit},
  year=2023,
  url={https://github.com/krzysztof-turowski/koala-networkit},
  urldate={2023-09-07}
}

@online{benchmark,
  author={Brendan McKay},
  title={Graphs},
  year=2023,
  url={https://users.cecs.anu.edu.au/~bdm/data/graphs.html},
  urldate={2023-09-07}
}


%%%%%%%%%%%%%%%%%%%%%%%%%%%%%%%%%%%%%%%%%%%%%%%%%%%%%%%%%%%%%%%%%%

@book{book,
  title={Exact exponential algorithms},
  author={Kratsch, Dieter and Fomin, Fedor},
  year={2010},
  publisher={Springer-Verlag Berlin Heidelberg}
}

@article{tarjan1977finding,
  title={Finding a maximum independent set},
  author={Tarjan, Robert Endre and Trojanowski, Anthony},
  journal={SIAM Journal on Computing},
  volume={6},
  number={3},
  pages={537--546},
  year={1977}
}

@inproceedings{grandoni2006measure,
  title={Measure and conquer: a simple $O(2^{0.288 n})$ independent set algorithm},
  author={Fomin, Fedor and Grandoni, Fabrizio and Kratsch, Dieter},
  booktitle={Proceedings of the Seventeenth Annual ACM-SIAM Symposium on Discrete Algorithm},
  pages={18--25},
  year={2006}
}

@article{xiao2017exact,
  title={Exact algorithms for maximum independent set},
  author={Xiao, Mingyu and Nagamochi, Hiroshi},
  journal={Information and Computation},
  volume={255},
  pages={126--146},
  year={2017}
}

@article{jian19862,
  title={An $O(2^{0.304 n})$ algorithm for solving maximum independent set problem},
  author={Jian, Tang},
  journal={IEEE Transactions on Computers},
  volume={100},
  number={9},
  pages={847--851},
  year={1986}
}

@article{robson1986algorithms,
  title={Algorithms for maximum independent sets},
  author={Robson, John Michael},
  journal={Journal of Algorithms},
  volume={7},
  number={3},
  pages={425--440},
  year={1986}
}

@inproceedings{kneis2009fine,
  title={A fine-grained analysis of a simple independent set algorithm},
  author={Kneis, Joachim and Langer, Alexander and Rossmanith, Peter},
  booktitle={IARCS Annual Conference on Foundations of Software Technology and Theoretical Computer Science},
  volume={4},
  year={2009},
  pages={287--298},
  organization={Schloss Dagstuhl-Leibniz-Zentrum f{\"u}r Informatik}
}

@inproceedings{bourgeois2010bottom,
  title={A bottom-up method and fast algorithms for max independent set},
  author={Bourgeois, Nicolas and Escoffier, Bruno and Paschos, Vangelis and van Rooij, Johan},
  booktitle={Algorithm Theory-SWAT 2010: 12th Scandinavian Symposium and Workshops on Algorithm Theory, Bergen, Norway, June 21-23, 2010. Proceedings},
  volume={12},
  pages={62--73},
  year={2010},
  organization={Springer}
}

%%

@article{sbihi1980algorithme,
  title={Algorithme de recherche d'un stable de cardinalit{\'e} maximum dans un graphe sans {\'e}toile},
  author={Sbihi, Najiba},
  journal={Discrete Mathematics},
  volume={29},
  number={1},
  pages={53--76},
  year={1980}
}

@book{plummer1986matching,
  title={Matching theory},
  year={1986},
  publisher={Elsevier}
}

@article{minty1980maximal,
  title={On maximal independent sets of vertices in claw-free graphs},
  author={Minty, George},
  journal={Journal of Combinatorial Theory, Series B},
  volume={28},
  number={3},
  pages={284--304},
  year={1980}
}

@article{nakamura2001revision,
  title={A revision of Minty's algorithm for finding a maximum weight stable set of a claw-free graph},
  author={Nakamura, Daishin and Tamura, Akihisa},
  journal={Journal of the Operations Research Society of Japan},
  volume={44},
  number={2},
  pages={194--204},
  year={2001}
}

@article{nobili2014reduction,
  title={A reduction algorithm for the weighted stable set problem in claw-free graphs},
  author={Nobili, Paolo and Sassano, Antonio},
  journal={Discrete Applied Mathematics},
  volume={165},
  pages={245--262},
  year={2014}
}

@article{faenza2014solving,
  title={Solving the weighted stable set problem in claw-free graphs via decomposition},
  author={Faenza, Yuri and Oriolo, Gianpaolo and Stauffer, Gautier},
  journal={Journal of the ACM},
  volume={61},
  number={4},
  pages={1--41},
  year={2014}
}

@misc{nobili2015cal,
  title={An $O(n^2 \log(n))$ algorithm for the weighted stable set problem in claw-free graphs},
  author={Nobili, Paolo and Sassano, Antonio},
  note={arXiv preprint arXiv:1501.05775},
  url={https://arxiv.org/abs/1501.05775},
  year={2015}
}

@article{mohar2001face,
  title={Face covers and the genus problem for apex graphs},
  author={Mohar, Bojan},
  journal={Journal of Combinatorial Theory, Series B},
  volume={82},
  number={1},
  pages={102--117},
  year={2001}
}

@article{baker1994approximation,
  title={Approximation algorithms for NP-complete problems on planar graphs},
  author={Baker, Brenda},
  journal={Journal of the ACM},
  volume={41},
  number={1},
  pages={153--180},
  year={1994}
}

@article{grohe2003local,
  title={Local Tree-Width, Excluded Minors, and Approximation Algorithms},
  author={Grohe, Martin},
  journal={Combinatorica},
  volume={23},
  number={4},
  pages={613--632},
  year={2003}
}

%http://i.stanford.edu/pub/cstr/reports/cs/tr/75/531/CS-TR-75-531.pdf
@article{leuker1976algorithmic,
  title={Algorithmic aspects of vertex eliminations on graphs},
  author={Rose, Donald and Tarjan, Robert and Leuker, George},
  journal={SIAM Journal of Computing},
  volume={5},
  number={2},
  pages={266--283},
  year={1976}
}

@book{golumbic2004algorithmic,
  title={Algorithmic graph theory and perfect graphs},
  author={Golumbic, Martin},
  year={2004},
  publisher={Elsevier}
}

@article{gavril1972algorithms,
  title={Algorithms for minimum coloring, maximum clique, minimum covering by cliques, and maximum independent set of a chordal graph},
  author={Gavril, F{\u{a}}nic{\u{a}}},
  journal={SIAM Journal on Computing},
  volume={1},
  number={2},
  pages={180--187},
  year={1972}
}

@article{grotschel1984polynomial,
  title={Polynomial algorithms for perfect graphs},
  author={Gr{\"o}tschel, Martin and Lov{\'a}sz, L{\'a}szl{\'o} and Schrijver, Alexander},
  journal={North-Holland Mathematics Studies},
  volume={88},
  pages={325--356},
  year={1984}
}

@article{garey1977rectilinear,
  title={The rectilinear Steiner tree problem is NP-complete},
  author={Garey, Michael and Johnson, David},
  journal={SIAM Journal on Applied Mathematics},
  volume={32},
  number={4},
  pages={826--834},
  year={1977}
}

@inproceedings{dabrowski2011parameterized,
  title={Parameterized algorithms for the independent set problem in some hereditary graph classes},
  author={Dabrowski, Konrad and Lozin, Vadim and M{\"u}ller, Haiko and Rautenbach, Dieter},
  booktitle={Combinatorial Algorithms: 21st International Workshop, IWOCA 2010, London, UK, July 26-28, 2010, Revised Selected Papers},
  volume={21},
  pages={1--9},
  year={2011},
  organization={Springer}
}

@inproceedings{garey1974some,
  title={Some simplified NP-complete problems},
  author={Garey, Michael and Johnson, David and Stockmeyer, Larry},
  booktitle={Proceedings of the Sixth Annual ACM Symposium on Theory of Computing},
  pages={47--63},
  year={1974}
}

@article{clark1990unit,
  title={Unit disk graphs},
  author={Clark, Brent and Colbourn, Charles and Johnson, David},
  journal={Discrete Mathematics},
  volume={86},
  number={1--3},
  pages={165--177},
  year={1990}
}

@article{erlebach2005polynomial,
  title={Polynomial-time approximation schemes for geometric intersection graphs},
  author={Erlebach, Thomas and Jansen, Klaus and Seidel, Eike},
  journal={SIAM Journal on Computing},
  volume={34},
  number={6},
  pages={1302--1323},
  year={2005},
  publisher={SIAM}
}

@inproceedings{chan2009approximation,
  title={Approximation algorithms for maximum independent set of pseudo-disks},
  author={Chan, Timothy and Har-Peled, Sariel},
  booktitle={Proceedings of the twenty-fifth annual symposium on Computational geometry},
  pages={333--340},
  year={2009}
}

@article{das2015approximation,
  title={Approximation algorithms for maximum independent set of a unit disk graph},
  author={Das, Gautam and De, Minati and Kolay, Sudeshna and Nandy, Subhas and Sur-Kolay, Susmita},
  journal={Information Processing Letters},
  volume={115},
  number={3},
  pages={439--446},
  year={2015},
  publisher={Elsevier}
}

@inproceedings{nieberg2005robust,
  title={A robust PTAS for maximum weight independent sets in unit disk graphs},
  author={Nieberg, Tim and Hurink, Johann and Kern, Walter},
  booktitle={Graph-Theoretic Concepts in Computer Science: 30th International Workshop, WG 2004, Bad Honnef, Germany, June 21-23, 2004. Revised Papers},
  volume={30},
  pages={214--221},
  year={2005},
  organization={Springer}
}

@article{courcelle2000linear,
  title={Linear time solvable optimization problems on graphs of bounded clique-width},
  author={Courcelle, Bruno and Makowsky, Johann and Rotics, Udi},
  journal={Theory of Computing Systems},
  volume={33},
  number={2},
  pages={125--150},
  year={2000}
}

@misc{husic2019independent,
  title={The independent set problem is FPT for even-hole-free graphs},
  author={Husic, Edin and Thomass{\'e}, St{\'e}phan and Trotignon, Nicolas},
  note={arXiv preprint arXiv:1907.01083},
  url={https://arxiv.org/abs/1907.01083},
  year={2019}
}

@article{murphy1992computing,
  title={Computing independent sets in graphs with large girth},
  author={Murphy, Owen},
  journal={Discrete Applied Mathematics},
  volume={35},
  number={2},
  pages={167--170},
  year={1992}
}

@misc{bonnet2019maximum,
  title={When maximum stable set can be solved in FPT time},
  author={Bonnet, {\'E}douard and Bousquet, Nicolas and Thomass{\'e}, St{\'e}phan and Watrigant, R{\'e}mi},
  note={arXiv preprint arXiv:1909.08426},
  url={https://arxiv.org/abs/1909.08426},
  year={2019}
}

% \url{https://www.designofapproxalgs.com/download.php}
@book{williamson2011design,
  title={The design of approximation algorithms},
  author={Williamson, David and Shmoys, David},
  year={2011},
  publisher={Cambridge University Press}
}

@article{frank1976some,
  title={Some polynomial algorithms for certain graphs and hypergraphs},
  author={Frank, Andr{\'a}s},
  journal={Congressus Numerantium},
  volume={XV},
  pages={221--226},
  year={1976}
}

@book{grotschel1988stable,
  title={Geometric algorithms and combinatorial optimization},
  author={Gr{\"o}tschel, Martin and Lov{\'a}sz, L{\'a}szl{\'o} and Schrijver, Alexander},
  booktitle={Geometric Algorithms and Combinatorial Optimization},
  volume={2},
  year={1988},
  publisher={Springer}
}

@article{moon1965cliques,
  title={On cliques in graphs},
  author={Moon, John and Moser, Leo},
  journal={Israel Journal of Mathematics},
  volume={3},
  pages={23--28},
  year={1965}
}

@inproceedings{lokshantov2014independent,
  title={Independent set in $P_5$-free graphs in polynomial time},
  author={Lokshantov, Daniel and Vatshelle, Martin and Villanger, Yngve},
  booktitle={Proceedings of the Twenty-Fifth Annual ACM-SIAM Symposium on Discrete Algorithms},
  pages={570--581},
  year={2014}
}

@misc{neuwohner2021improved,
  title={An improved approximation algorithm for the maximum weight independent set problem in $d$-claw free graphs},
  author={Neuwohner, Meike},
  note={arXiv preprint arXiv:2106.03545},
  url={https://arxiv.org/abs/2106.03545},
  year={2021}
}

@techreport{tarjan1972finding,
  title={Finding a maximum clique},
  author={Tarjan, Robert Endre},
  year={1972},
  institution={Cornell University}
}

@book{garey1979computers,
  title={Computers and Intractability: A Guide to the Theory of NP-Completeness},
  author={Garey, Michael and Johnson, David},
  publisher={W. H. Freeman},
  year={1979}
}


@article{berman1992complexity,
  title={On the complexity of approximating the independent set problem},
  author={Berman, Piotr and Schnitger, Georg},
  journal={Information and Computation},
  volume={96},
  number={1},
  pages={77--94},
  year={1992}
}

@article{zuckerman1996unapproximable,
  title={On unapproximable versions of NP-complete problems},
  author={Zuckerman, David},
  journal={SIAM Journal on Computing},
  volume={25},
  number={6},
  pages={1293--1304},
  year={1996}
}
